<record><leader>00000cas a2200000 a 4500</leader><controlfield tag="001">12411669</controlfield><controlfield tag="008">850822d18841913ksuwr ne      0    0eng d</controlfield><datafield ind1=" " ind2=" " tag="010"><subfield code="a">sn 85031822 </subfield></datafield><datafield ind1=" " ind2=" " tag="040"><subfield code="a">KSH</subfield><subfield code="b">eng</subfield><subfield code="c">KSH</subfield><subfield code="d">NPT</subfield><subfield code="d">OCL</subfield><subfield code="d">OCLCQ</subfield></datafield><datafield ind1=" " ind2=" " tag="042"><subfield code="a">msc</subfield></datafield><datafield ind1="0" ind2=" " tag="130"><subfield code="a">Leonardville monitor (Leonardville, Kan. : 1884)</subfield></datafield><datafield ind1="1" ind2="4" tag="245"><subfield code="a">The Leonardville monitor.</subfield></datafield><datafield ind1=" " ind2=" " tag="260"><subfield code="a">Leonardville, Kan. :</subfield><subfield code="b">P.S. Loofbourrow,</subfield><subfield code="c">1884-1913.</subfield></datafield><datafield ind1=" " ind2=" " tag="300"><subfield code="a">29 v. :</subfield><subfield code="b">ill. ;</subfield><subfield code="c">50 cm.</subfield></datafield><datafield ind1=" " ind2=" " tag="310"><subfield code="a">Weekly</subfield></datafield><datafield ind1="0" ind2=" " tag="362"><subfield code="a">Vol. 1, no. 16 (Apr. 3, 1884)-v. 29, no. 16 (Aug. 7, 1913).</subfield></datafield><datafield ind1=" " ind2=" " tag="500"><subfield code="a">Publisher varies.</subfield></datafield><datafield ind1=" " ind2=" " tag="752"><subfield code="a">United States</subfield><subfield code="b">Kansas</subfield><subfield code="c">Riley</subfield><subfield code="d">Leonardville.</subfield></datafield><datafield ind1="0" ind2="0" tag="780"><subfield code="t">Monitor (Clay Center, Kan.)</subfield><subfield code="w">(DLC)sn 83040913</subfield></datafield><datafield ind1="0" ind2="5" tag="780"><subfield code="t">News (Leonardville, Kan.)</subfield><subfield code="g">Oct. 13, 1910</subfield><subfield code="w">(DLC)sn 85031856</subfield></datafield><datafield ind1="0" ind2="7" tag="785"><subfield code="t">Leonardville echo</subfield><subfield code="w">(DLC)sn 85031852</subfield></datafield><datafield ind1="0" ind2="7" tag="785"><subfield code="t">Echo-monitor</subfield><subfield code="w">(DLC)sn 85031851</subfield></datafield><datafield ind1="1" ind2=" " tag="029"><subfield code="a">AU@</subfield><subfield code="b">000022173327</subfield></datafield></record>